<?xml version="1.0" encoding="UTF-8"?><record xmlns="http://www.loc.gov/MARC21/slim" xmlns:cinclude="http://apache.org/cocoon/include/1.0" xmlns:zs="http://www.loc.gov/zing/srw/">
  <leader>00408nz  a2200133n  4500</leader>
  <controlfield tag="001">no2005066870</controlfield>
  <controlfield tag="003">DLC</controlfield>
  <controlfield tag="005">20050722051904.0</controlfield>
  <controlfield tag="008">050721n| acannaabn          |n aaa     c</controlfield>
  <datafield tag="010" ind1=" " ind2=" ">
    <subfield code="a">no2005066870</subfield>
  </datafield>
  <datafield tag="035" ind1=" " ind2=" ">
    <subfield code="a">(OCoLC)oca06686805</subfield>
  </datafield>
  <datafield tag="040" ind1=" " ind2=" ">
    <subfield code="a">IEN</subfield>
    <subfield code="b">eng</subfield>
    <subfield code="c">IEN</subfield>
  </datafield>
  <datafield tag="100" ind1="1" ind2=" ">
    <subfield code="a">Finlay, Andrew</subfield>
  </datafield>
  <datafield tag="670" ind1=" " ind2=" ">
    <subfield code="a">Nationalism and multiculturalism, c2004:</subfield>
    <subfield code="b">t.p. (Andrew Finlay) p. x (lectures in Sociology at Trinity College Dublin)</subfield>
  </datafield>
</record>